@inproceedings{klein2007parallel,
  title={Parallel tracking and mapping for small AR workspaces},
  author={Klein, Georg and Murray, David},
  booktitle={Mixed and Augmented Reality, 2007. ISMAR 2007. 6th IEEE and ACM International Symposium on},
  pages={225--234},
  year={2007},
  organization={IEEE}
}

@inproceedings{forster2014svo,
  title={SVO: Fast semi-direct monocular visual odometry},
  author={Forster, Christian and Pizzoli, Matia and Scaramuzza, Davide},
  booktitle={Robotics and Automation (ICRA), 2014 IEEE International Conference on},
  pages={15--22},
  year={2014},
  organization={IEEE}
}

@inproceedings{davison2003real,
  title={Real-time simultaneous localisation and mapping with a single camera},
  author={Davison, Andrew J},
  booktitle={Computer Vision, 2003. Proceedings. Ninth IEEE International Conference on},
  pages={1403--1410},
  year={2003},
  organization={IEEE}
}

@inproceedings{eade2007monocular,
  title={Monocular SLAM as a graph of coalesced observations},
  author={Eade, Ethan and Drummond, Tom},
  booktitle={Computer Vision, 2007. ICCV 2007. IEEE 11th International Conference on},
  pages={1--8},
  year={2007},
  organization={IEEE}
}

@inproceedings{strasdat2010real,
  title={Real-time monocular slam: Why filter?},
  author={Strasdat, Hauke and Montiel, JMM and Davison, Andrew J},
  booktitle={Robotics and Automation (ICRA), 2010 IEEE International Conference on},
  pages={2657--2664},
  year={2010},
  organization={IEEE}
}

@inproceedings{mourikis2007multi,
  title={A multi-state constraint Kalman filter for vision-aided inertial navigation},
  author={Mourikis, Anastasios and Roumeliotis, Stergios and others},
  booktitle={Robotics and Automation, 2007 IEEE International Conference on},
  pages={3565--3572},
  year={2007},
  organization={IEEE}
}

@inproceedings{forster2015imu,
  title={IMU Preintegration on Manifold for Efficient Visual-Inertial Maximum-a-Posteriori Estimation},
  author={Forster, Christian and Carlone, Luca and Dellaert, Frank and Scaramuzza, Davide},
  booktitle={Robotics: Science and Systems (RSS)},
  year={2015}
}

@inproceedings{ling2011imusim,
  title={IMUSim: Simulating inertial and magnetic sensor systems in Python},
  author={Ling, Martin and Young, Alex}
}

@misc{Quaternion2015Joan,
  author = {Joan Sola},
  title = {Quaternion kinematics for the error-state KF},
  year = {2015},
  howpublished = "\url{http://www.iri.upc.edu/people/jsola/JoanSola/objectes/notes/kinematics.pdf}",
  note = {[Online; accessed 07-October-2015]}
}

 @misc{wiki:Robotics,
   author = "Wikipedia",
   title = "Robotics --- Wikipedia{,} The Free Encyclopedia",
   year = "2016",
   url = "\url{https://en.wikipedia.org/w/index.php?title=Robotics&oldid=710494654}",
   note = "[Online; accessed 22-March-2016]"
 }

@inproceedings{shi1994good,
  title={Good features to track},
  author={Shi, Jianbo and Tomasi, Carlo},
  booktitle={Computer Vision and Pattern Recognition, 1994. Proceedings CVPR'94., 1994 IEEE Computer Society Conference on},
  pages={593--600},
  year={1994},
  organization={IEEE}
}

@inproceedings{lowe1999object,
  title={Object recognition from local scale-invariant features},
  author={Lowe, David G},
  booktitle={Computer vision, 1999. The proceedings of the seventh IEEE international conference on},
  volume={2},
  pages={1150--1157},
  year={1999},
  organization={Ieee}
}

@article{rosten2010faster,
  title={Faster and better: A machine learning approach to corner detection},
  author={Rosten, Edward and Porter, Reid and Drummond, Tom},
  journal={Pattern Analysis and Machine Intelligence, IEEE Transactions on},
  volume={32},
  number={1},
  pages={105--119},
  year={2010},
  publisher={IEEE}
}

@inproceedings{lee2009position,
  title={Position estimation for mobile robot using in-plane 3-axis IMU and active beacon},
  author={Lee, Taehee and Shin, Joongyou and Cho, Dongil},
  booktitle={Industrial Electronics, 2009. ISIE 2009. IEEE International Symposium on},
  pages={1956--1961},
  year={2009},
  organization={IEEE}
}

@inproceedings{batalin2004mobile,
  title={Mobile robot navigation using a sensor network},
  author={Batalin, Maxim A and Sukhatme, Gaurav S and Hattig, Myron},
  booktitle={Robotics and Automation, 2004. Proceedings. ICRA'04. 2004 IEEE International Conference on},
  volume={1},
  pages={636--641},
  year={2004},
  organization={IEEE}
}

@article{hesch2014consistency,
  title={Consistency analysis and improvement of vision-aided inertial navigation},
  author={Hesch, Joel A and Kottas, Dimitrios G and Bowman, Sean L and Roumeliotis, Stergios I},
  journal={Robotics, IEEE Transactions on},
  volume={30},
  number={1},
  pages={158--176},
  year={2014},
  publisher={IEEE}
}

@article{davison2007monoslam,
  title={MonoSLAM: Real-time single camera SLAM},
  author={Davison, Andrew J and Reid, Ian D and Molton, Nicholas D and Stasse, Olivier},
  journal={Pattern Analysis and Machine Intelligence, IEEE Transactions on},
  volume={29},
  number={6},
  pages={1052--1067},
  year={2007},
  publisher={IEEE}
}

@article{mur2015orb,
  title={ORB-SLAM: a versatile and accurate monocular SLAM system},
  author={Mur-Artal, Raul and Montiel, JMM and Tardos, Juan D},
  journal={Robotics, IEEE Transactions on},
  volume={31},
  number={5},
  pages={1147--1163},
  year={2015},
  publisher={IEEE}
}

@incollection{engel2014lsd,
  title={LSD-SLAM: Large-scale direct monocular SLAM},
  author={Engel, Jakob and Sch{\"o}ps, Thomas and Cremers, Daniel},
  booktitle={Computer Vision--ECCV 2014},
  pages={834--849},
  year={2014},
  publisher={Springer}
}

@article{mcnaughton1991dead,
  title={“Dead reckoning,” landmark learning, and the sense of direction: a neurophysiological and computational hypothesis},
  author={McNaughton, BL and Chen, Lijiang and Markus, EJ},
  journal={Cognitive Neuroscience, Journal of},
  volume={3},
  number={2},
  pages={190--202},
  year={1991},
  publisher={MIT Press}
}

@misc{levi1996dead,
  title={Dead reckoning navigational system using accelerometer to measure foot impacts},
  author={Levi, Robert W and Judd, Thomas},
  year={1996},
  month=dec # "~10",
  publisher={Google Patents},
  note={US Patent 5,583,776}
}

 @misc{Figure1-1_IMU_Sensor,
   author = " ",
   title = "IMU Sensor \url{https://www.vboxautomotive.co.uk/index.php/en/products/modules/inertial-measurement-unit}",
   year = "2016",
   url = "\url{https://www.vboxautomotive.co.uk/index.php/en/products/modules/inertial-measurement-unit}",
   note = "[Online; accessed 22-March-2016]"
 }

 @misc{wiki:GPS,
   author = "Wikipedia",
   title = "Global Positioning System --- Wikipedia{,} The Free Encyclopedia",
   year = "2016",
   url = "\url{https://en.wikipedia.org/w/index.php?title=Global_Positioning_System&oldid=711677025}",
   note = "[Online; accessed 24-March-2016]"
 }

@article{li2011consistency,
  title={Consistency of EKF-based visual-inertial odometry},
  author={Li, Mingyang and Mourikis, Anastasios I},
  journal={University of California Riverside, Tech. Rep},
  year={2011}
}

@inproceedings{nister2004visual,
  title={Visual odometry},
  author={Nist{\'e}r, David and Naroditsky, Oleg and Bergen, James},
  booktitle={Computer Vision and Pattern Recognition, 2004. CVPR 2004. Proceedings of the 2004 IEEE Computer Society Conference on},
  volume={1},
  pages={I--652},
  year={2004},
  organization={IEEE}
}

@article{hamilton1844ii,
  title={Ii. on quaternions; or on a new system of imaginaries in algebra},
  author={Hamilton, William Rowan},
  journal={The London, Edinburgh, and Dublin Philosophical Magazine and Journal of Science},
  volume={25},
  number={163},
  pages={10--13},
  year={1844},
  publisher={Taylor \& Francis}
}

@article{breckenridge1999quaternions,
  title={Quaternions proposed standard conventions},
  author={Breckenridge, WG},
  journal={Jet Propulsion Laboratory, Pasadena, CA, Interoffice Memorandum IOM},
  pages={343--79},
  year={1999}
}

@article{guennebaud2010eigen,
  title={The Eigen C++ template library for linear algebra},
  author={Guennebaud, G and Jacob, B},
  journal={http:/eigen. tuxfamily. org},
  year={2010}
}

@book{hess2007essential,
  title={The essential Blender: guide to 3D creation with the open source suite Blender},
  author={Hess, Roland},
  year={2007},
  publisher={No Starch Press}
}

 @misc{wiki:rotationformula,
   author = "Wikipedia",
   title = "Rodrigues' rotation formula --- Wikipedia{,} The Free Encyclopedia",
   year = "2015",
   url = "\url{https://en.wikipedia.org/w/index.php?title=Rodrigues%27_rotation_formula&oldid=694934208}",
   note = "[Online; accessed 6-April-2016]"
 }

@article{van2005quaternion,
  title={From quaternion to matrix and back},
  author={Van Waveren, JMP},
  journal={Id Software Inc},
  year={2005}
}

@article{trawny2005indirect,
  title={Indirect Kalman filter for 3D attitude estimation},
  author={Trawny, Nikolas and Roumeliotis, Stergios I},
  journal={University of Minnesota, Dept. of Comp. Sci. \& Eng., Tech. Rep},
  volume={2},
  pages={2005},
  year={2005}
}

@phdthesis{weiss2012vision,
  title={Vision based navigation for micro helicopters},
  author={Weiss, Stephan M},
  year={2012},
  school={Citeseer}
}

 @misc{ wiki:RK4,
   author = "Wikipedia",
   title = "Runge Kutta methods --- Wikipedia{,} The Free Encyclopedia",
   year = "2016",
   url = "https://en.wikipedia.org/w/index.php?title=Runge%E2%80%93Kutta_methods&oldid=708485766",
   note = "[Online; accessed 11-April-2016]"
 }

@article{fischler1981random,
  title={Random sample consensus: a paradigm for model fitting with applications to image analysis and automated cartography},
  author={Fischler, Martin A and Bolles, Robert C},
  journal={Communications of the ACM},
  volume={24},
  number={6},
  pages={381--395},
  year={1981},
  publisher={ACM}
}

@inproceedings{mei2009constant,
  title={A Constant-Time Efficient Stereo SLAM System.},
  author={Mei, Christopher and Sibley, Gabe and Cummins, Mark and Newman, Paul M and Reid, Ian D},
  booktitle={BMVC},
  pages={1--11},
  year={2009}
}

@inproceedings{newcombe2011kinectfusion,
  title={KinectFusion: Real-time dense surface mapping and tracking},
  author={Newcombe, Richard A and Izadi, Shahram and Hilliges, Otmar and Molyneaux, David and Kim, David and Davison, Andrew J and Kohi, Pushmeet and Shotton, Jamie and Hodges, Steve and Fitzgibbon, Andrew},
  booktitle={Mixed and augmented reality (ISMAR), 2011 10th IEEE international symposium on},
  pages={127--136},
  year={2011},
  organization={IEEE}
}

@inproceedings{lynen2013robust,
  title={A robust and modular multi-sensor fusion approach applied to mav navigation},
  author={Lynen, Simon and Achtelik, Markus W and Weiss, Steven and Chli, Maria and Siegwart, Roland},
  booktitle={Intelligent Robots and Systems (IROS), 2013 IEEE/RSJ International Conference on},
  pages={3923--3929},
  year={2013},
  organization={IEEE}
}

@inproceedings{wu2011multicore,
  title={Multicore bundle adjustment},
  author={Wu, Changchang and Agarwal, Sameer and Curless, Brian and Seitz, Steven M},
  booktitle={Computer Vision and Pattern Recognition (CVPR), 2011 IEEE Conference on},
  pages={3057--3064},
  year={2011},
  organization={IEEE}
}

@incollection{triggs1999bundle,
  title={Bundle adjustment—a modern synthesis},
  author={Triggs, Bill and McLauchlan, Philip F and Hartley, Richard I and Fitzgibbon, Andrew W},
  booktitle={Vision algorithms: theory and practice},
  pages={298--372},
  year={1999},
  publisher={Springer}
}

@article{lourakis2009sba,
  title={SBA: A software package for generic sparse bundle adjustment},
  author={Lourakis, Manolis IA and Argyros, Antonis A},
  journal={ACM Transactions on Mathematical Software (TOMS)},
  volume={36},
  number={1},
  pages={2},
  year={2009},
  publisher={ACM}
}

@inproceedings{young2011imusim,
  title={IMUSim: A simulation environment for inertial sensing algorithm design and evaluation},
  author={Young, Alexander D and Ling, Martin J and Arvind, Damal K},
  booktitle={Information Processing in Sensor Networks (IPSN), 2011 10th International Conference on},
  pages={199--210},
  year={2011},
  organization={IEEE}
}

 @misc{ wiki:blender,
   author = "Wikipedia",
   title = "Blender (software) --- Wikipedia{,} The Free Encyclopedia",
   year = "2016",
   url = "https://en.wikipedia.org/w/index.php?title=Blender_(software)&oldid=716262650",
   note = "[Online; accessed 21-April-2016]"
 }

@InProceedings{sturm12iros,
	author = {J. Sturm and N. Engelhard and F. Endres and W. Burgard and D. Cremers},
	title = "A Benchmark for the Evaluation of RGB-D SLAM Systems",
	booktitle = "Proc. of the International Conference on Intelligent Robot Systems (IROS)",
	year = "2012",
	month= "Oct.",
}

@inproceedings{quigley2009ros,
  title={ROS: an open-source Robot Operating System},
  author={Quigley, Morgan and Conley, Ken and Gerkey, Brian and Faust, Josh and Foote, Tully and Leibs, Jeremy and Wheeler, Rob and Ng, Andrew Y},
  booktitle={ICRA workshop on open source software},
  volume={3},
  number={3.2},
  pages={5},
  year={2009}
}

 @MISC{eigenweb,
  author = {Ga\"{e}l Guennebaud and Beno\^{i}t Jacob and others},
  title = {Eigen v3},
  howpublished = {http://eigen.tuxfamily.org},
  year = {2010}
 }

@misc{ceres-solver,
  author = "Sameer Agarwal and Keir Mierle and Others",
  title = "Ceres Solver",
  howpublished = "\url{http://ceres-solver.org}",
}

@article{leutenegger2015keyframe,
  title={Keyframe-based visual--inertial odometry using nonlinear optimization},
  author={Leutenegger, Stefan and Lynen, Simon and Bosse, Michael and Siegwart, Roland and Furgale, Paul},
  journal={The International Journal of Robotics Research},
  volume={34},
  number={3},
  pages={314--334},
  year={2015},
  publisher={SAGE Publications}
}

@article{absil2007trust,
  title={Trust-region methods on Riemannian manifolds},
  author={Absil, P-A and Baker, Christopher G and Gallivan, Kyle A},
  journal={Foundations of Computational Mathematics},
  volume={7},
  number={3},
  pages={303--330},
  year={2007},
  publisher={Springer}
}

@inproceedings{carlone2014eliminating,
  title={Eliminating conditionally independent sets in factor graphs: A unifying perspective based on smart factors},
  author={Carlone, Luca and Kira, Zsolt and Beall, Chris and Indelman, Vadim and Dellaert, Frank},
  booktitle={Robotics and Automation (ICRA), 2014 IEEE International Conference on},
  pages={4290--4297},
  year={2014},
  organization={IEEE}
}
